@techreport{fra2009,
  title        = {Railroad Safety Statistics 2009 Annual Report},
  author       = {{Federal Railroad Administration}},
  year         = {2011},
  institution  = {U.S. Department of Transportation},
  address      = {Washington, DC},
  url          = {https://railroads.dot.gov/elibrary/railroad-safety-statistics-2009-annual-report},
  note         = {Last updated: April 1, 2011},
}

@ARTICLE{baek2019,

  author={Ouyang, Tinghui and He, Yusen and Li, Huajin and Sun, Zhiyu and Baek, Stephen},

  journal={IEEE Transactions on Emerging Topics in Computational Intelligence}, 

  title={Modeling and Forecasting Short-Term Power Load With Copula Model and Deep Belief Network}, 

  year={2019},

  volume={3},

  number={2},

  pages={127-136},

  keywords={Load modeling;Load forecasting;Forecasting;Predictive models;Computational modeling;Autoregressive processes;Copula model;deep belief network;load forecasting;tail dependence},

  doi={10.1109/TETCI.2018.2880511}}
